@book{bib-odonnell,
place={Cambridge},
title={Analysis of Boolean Functions},
publisher={Cambridge University Press},
author={O’Donnell, Ryan},
year={2014}
}
@misc{ bib-tulip-dd,
       title = {{B}inary {D}ecision {D}iagrams (BDDs) in {P}ure {P}ython and {C}ython {W}rappers of {C}UDD, {S}ylvan, and {B}uDDy},
       howpublished = {https://github.com/tulip-control/dd},
       year = {2022}
}
@INPROCEEDINGS{bib-drechsler-switch-okfdd,
  author={Drechsler, R. and Sarabi, A. and Theobald, M. and Becker, B. and Perkowski, M.A.},
  booktitle={31st Design Automation Conference}, 
  title={Efficient Representation and Manipulation of Switching Functions Based on Ordered Kronecker Functional Decision Diagrams}, 
  year={1994},
  volume={},
  number={},
  pages={415-419},
  keywords={Packaging},
  doi={10.1145/196244.196444}}

@article{bib-bravyi-kitaev-magic-distillation,
  title = {Universal quantum computation with ideal Clifford gates and noisy ancillas},
  author = {Bravyi, Sergey and Kitaev, Alexei},
  journal = {Phys. Rev. A},
  volume = {71},
  issue = {2},
  pages = {022316},
  numpages = {14},
  year = {2005},
  month = {Feb},
  publisher = {American Physical Society},
  doi = {10.1103/PhysRevA.71.022316},
  url = {https://link.aps.org/doi/10.1103/PhysRevA.71.022316}
}

@article{bib-solovay-kitaev,
author = {Dawson, Christopher M. and Nielsen, Michael A.},
title = {The Solovay-Kitaev algorithm},
year = {2006},
issue_date = {January 2006},
publisher = {Rinton Press, Incorporated},
address = {Paramus, NJ},
volume = {6},
number = {1},
issn = {1533-7146},
journal = {Quantum Info. Comput.},
month = jan,
pages = {81–95},
numpages = {15},
keywords = {Solovay-Kitaev algorithm, fault-tolerance, universality}
}

@ARTICLE{bib-gottesman-knill,
       author = {{Aaronson}, Scott and {Gottesman}, Daniel},
        title = {Improved simulation of stabilizer circuits},
         year = 2004,
        month = nov,
       volume = {70},
       number = {5},
          eid = {052328},
        pages = {052328},
          doi = {10.1103/PhysRevA.70.052328},
archivePrefix = {arXiv},
       eprint = {quant-ph/0406196},
 primaryClass = {quant-ph},
       adsurl = {https://ui.adsabs.harvard.edu/abs/2004PhRvA..70e2328A},
      adsnote = {Provided by the SAO/NASA Astrophysics Data System}
}

@article{bib-bennett2000quantum,
  title={Quantum Information and Computation},
  author={Bennett, Charles H and DiVincenzo, David P},
  journal={nature},
  volume={404},
  number={6775},
  pages={247--255},
  year={2000},
  publisher={Nature Publishing Group}
}

@inproceedings{bib-grover1996fast,
  title={{A} {F}ast {Q}uantum {M}echanical {A}lgorithm for {D}atabase {S}earch},
  author={Grover, Lov K},
  booktitle={Proceedings of the twenty-eighth annual ACM symposium on Theory of computing},
  pages={212--219},
  year={1996}
}

@article{bib-amy-cnot,
doi = {10.1088/2058-9565/aad8ca},
url = {https://dx.doi.org/10.1088/2058-9565/aad8ca},
year = {2018},
month = {sep},
publisher = {IOP Publishing},
volume = {4},
number = {1},
pages = {015002},
author = {Matthew Amy and Parsiad Azimzadeh and Michele Mosca},
title = {On the controlled-NOT complexity of controlled-NOT–phase circuits},
journal = {Quantum Science and Technology},
}

@article{bib-gossett-tcount,
author = {Gosset, David and Kliuchnikov, Vadym and Mosca, Michele and Russo, Vincent},
title = {An algorithm for the T-count},
year = {2014},
issue_date = {November 2014},
publisher = {Rinton Press, Incorporated},
address = {Paramus, NJ},
volume = {14},
number = {15–16},
issn = {1533-7146},
journal = {Quantum Info. Comput.},
month = nov,
pages = {1261–1276},
numpages = {16}
}

@ARTICLE{bib-amy-rm,
  author={Amy, Matthew and Mosca, Michele},
  journal={IEEE Transactions on Information Theory}, 
  title={T-Count Optimization and Reed–Muller Codes}, 
  year={2019},
  volume={65},
  number={8},
  pages={4771-4784},
  doi={10.1109/TIT.2019.2906374}}

@article{bib-shor1999polynomial,
  title={{P}olynomial-time {A}lgorithms for {P}rime {F}actorization and {D}iscrete {L}ogarithms on a {Q}uantum {C}omputer},
  author={Shor, Peter W},
  journal={SIAM review},
  volume={41},
  number={2},
  pages={303--332},
  year={1999},
  publisher={SIAM}
}

@InProceedings{bib-abc,
  author={Brayton, Robert and Mishchenko, Alan},
editor={Touili, Tayssirand and Cook, Byron and Jackson, Paul},
title={{ABC}: {A}n {A}cademic {I}ndustrial-Strength {V}erification {T}ool},
booktitle={Computer Aided Verification},
year={2010},
publisher={Springer Berlin Heidelberg},
address={Berlin, Heidelberg},
pages={24--40},
isbn={978-3-642-14295-6}
}

@article{bib-lhrs-soeken,
  title={{LUT-based} {H}ierarchical {R}eversible {L}ogic {S}ynthesis},
  author={Soeken, Mathias and Roetteler, Martin and Wiebe, Nathan and De Micheli, Giovanni},
  journal={IEEE Transactions on Computer-Aided Design of Integrated Circuits and Systems},
  volume={38},
  number={9},
  pages={1675--1688},
  year={2018},
  publisher={IEEE}
}

@article{bib-bravyi2005universal,
  title={{U}niversal {Q}uantum {C}omputation with {I}deal {C}lifford {G}ates and {N}oisy {A}ncillas},
  author={Bravyi, Sergey and Kitaev, Alexei},
  journal={Physical Review A},
  volume={71},
  number={2},
  pages={022316},
  year={2005},
  publisher={APS}
}

@article{bib-rtof-maslov,
  title={{A}dvantages of {U}sing {R}elative-phase {T}offoli {G}ates with an {A}pplication to {M}ultiple {C}ontrol Toffoli {O}ptimization},
  author={Maslov, Dmitri},
  journal={Physical Review A},
  volume={93},
  number={2},
  pages={022311},
  year={2016},
  publisher={APS}
}

@misc{bib-qiskit,
    author = {{Qiskit contributors}},
    title = {{Q}iskit: {A}n {O}pen-source {F}ramework for {Q}uantum {C}omputing},
    year = {2023},
    doi = {10.5281/zenodo.2573505}
}

@inproceedings{bib-epfl,
    author = {Amaru, Luca and Gaillardon, Pierre-Emmanuel and De Micheli, Giovanni},
    booktitle = {Proceedings of the 24th International Workshop on Logic \& Synthesis (IWLS)},
    year = {2015}
}

@INPROCEEDINGS{bib-rudell,
  author={Rudell, R.},
  booktitle={Proceedings of 1993 International Conference on Computer Aided Design (ICCAD)}, 
  title={{D}ynamic {V}ariable {O}rdering for {O}rdered {B}inary {D}ecision {D}iagrams}, 
  year={1993},
  volume={},
  number={},
  pages={42-47},
  doi={10.1109/ICCAD.1993.580029}
  }

@ARTICLE{bib-bryant-bdd,
  author={Bryant},
  journal={IEEE Transactions on Computers}, 
  title={Graph-Based Algorithms for Boolean Function Manipulation}, 
  year={1986},
  volume={C-35},
  number={8},
  pages={677-691},
  keywords={Boolean functions;binary decision diagrams;logic design verification;symbolic manipulation},
  doi={10.1109/TC.1986.1676819}}

@INPROCEEDINGS{bib-tweedledum,
  author={Schmitt, Bruno and De Micheli, Giovanni},
  booktitle={2022 Design, Automation and Test in Europe Conference and Exhibition (DATE)}, 
  title={tweedledum: A Compiler Companion for Quantum Computing}, 
  year={2022},
  volume={},
  number={},
  pages={7-12},
  keywords={Data structures;Libraries;Hardware;Distance measurement;Quantum circuit;Open source software;Optimization;quantum;design automation;compilation},
  doi={10.23919/DATE54114.2022.9774510}}

@ARTICLE{bib-pkrm,
  author={Drechsler, R.},
  journal={IEEE Transactions on Computers}, 
  title={{P}seudo-{K}ronecker {E}xpressions for {S}ymmetric {F}unctions}, 
  year={1999},
  volume={48},
  number={9},
  pages={987-990},
  doi={10.1109/12.795226}}

@article{bib-herr-lattice,
doi = {10.1088/1367-2630/aa5709},
url = {https://dx.doi.org/10.1088/1367-2630/aa5709},
year = {2017},
month = {jan},
publisher = {IOP Publishing},
volume = {19},
number = {1},
pages = {013034},
author = {Daniel Herr and Franco Nori and Simon J Devitt},
title = {Lattice surgery translation for quantum computation},
journal = {New Journal of Physics},
abstract = {In this paper we outline a method for a compiler to translate any non fault tolerant quantum circuit to the geometric representation of the lattice surgery error-correcting code using inherent merge and split operations. Since the efficiency of state distillation procedures has not yet been investigated in the lattice surgery model, their translation is given as an example using the proposed method. The resource requirements seem comparable or better to the defect-based state distillation process, but modularity and eventual implementability allow the lattice surgery model to be an interesting alternative to braiding.}
}

@misc{bib-fowler-bridge,
      title={A bridge to lower overhead quantum computation}, 
      author={Austin G. Fowler and Simon J. Devitt},
      year={2013},
      eprint={1209.0510},
      archivePrefix={arXiv},
      primaryClass={quant-ph},
      url={https://arxiv.org/abs/1209.0510}, 
}


@misc{bib-google-ecc,
      title={Quantum error correction below the surface code threshold}, 
      author={Rajeev Acharya and et al.},
      year={2024},
      eprint={2408.13687},
      archivePrefix={arXiv},
      primaryClass={quant-ph},
      url={https://arxiv.org/abs/2408.13687}, 
}

@inproceedings{bib-bernstein-qct,
author = {Bernstein, Ethan and Vazirani, Umesh},
title = {Quantum complexity theory},
year = {1993},
isbn = {0897915917},
publisher = {Association for Computing Machinery},
address = {New York, NY, USA},
url = {https://doi.org/10.1145/167088.167097},
doi = {10.1145/167088.167097},
booktitle = {Proceedings of the Twenty-Fifth Annual ACM Symposium on Theory of Computing},
pages = {11–20},
numpages = {10},
location = {San Diego, California, USA},
series = {STOC '93}
}
@article{bib-giles-exact,
  title = {Exact synthesis of multiqubit Clifford+$T$ circuits},
  author = {Giles, Brett and Selinger, Peter},
  journal = {Phys. Rev. A},
  volume = {87},
  issue = {3},
  pages = {032332},
  numpages = {7},
  year = {2013},
  month = {Mar},
  publisher = {American Physical Society},
  doi = {10.1103/PhysRevA.87.032332},
  url = {https://link.aps.org/doi/10.1103/PhysRevA.87.032332}
}

@article{bib-niemann-clifford-t,
author={Niemann, P., Wille, R. and Drechsler, R},
title={Advanced exact synthesis of Clifford+T circuits},
journal={Quantum Inf Process},
volume={19},
page={317},
year={2020},
doi={10.1007/s11128-020-02816-0}
}

@article{bib-kissinger-zx-t,
  title = {Reducing the number of non-Clifford gates in quantum circuits},
  author = {Kissinger, Aleks and van de Wetering, John},
  journal = {Phys. Rev. A},
  volume = {102},
  issue = {2},
  pages = {022406},
  numpages = {10},
  year = {2020},
  month = {Aug},
  publisher = {American Physical Society},
  doi = {10.1103/PhysRevA.102.022406},
  url = {https://link.aps.org/doi/10.1103/PhysRevA.102.022406}
}

@article{bib-gossett-tcount,
author = {Gosset, David and Kliuchnikov, Vadym and Mosca, Michele and Russo, Vincent},
title = {An algorithm for the T-count},
year = {2014},
issue_date = {November 2014},
publisher = {Rinton Press, Incorporated},
address = {Paramus, NJ},
volume = {14},
number = {15–16},
issn = {1533-7146},
abstract = {We consider quantum circuits composed of Clifford and T gates. In this context the T gate has a special status since it confers universal computation when added to the (classically simulable) Clifford gates. However it can be very expensive to implement fault-tolerantly. We therefore view this gate as a resource which should be used only when necessary. Given an n-qubit unitary U we are interested in computing a circuit that implements it using the minimum possible number of T gates (called the T-count of U). A related task is to decide if the T-count of U is less than or equal to m; we consider this problem as a function of N = 2n and m. We provide a classical algorithm which solves it using time and space both upper bounded as O(Nm poly (m,N)). We implemented our algorithm and used it to show that any Clifford+T circuit for the Toffoli or the Fredkin gate requires at least 7 T gates. This implies that the known 7 T gate circuits for these gates are T-optimal. We also provide a simple expression for the T-count of single-qubit unitaries.},
journal = {Quantum Info. Comput.},
month = nov,
pages = {1261–1276},
numpages = {16}
}

@ARTICLE{bib-amy-matroid,
  author={Amy, Matthew and Maslov, Dmitri and Mosca, Michele},
  journal={IEEE Transactions on Computer-Aided Design of Integrated Circuits and Systems}, 
  title={Polynomial-Time T-Depth Optimization of Clifford+T Circuits Via Matroid Partitioning}, 
  year={2014},
  volume={33},
  number={10},
  pages={1476-1489},
  keywords={Logic gates;Boolean functions;Quantum computing;Fault tolerance;Fault tolerant systems;Integrated circuit modeling;Vectors;Circuit optimization;circuit synthesis;Clifford+T;matroid partitioning;quantum circuits;sum over paths},
  doi={10.1109/TCAD.2014.2341953}}


@article{amy-meet-in-middle,
  title={A Meet-in-the-Middle Algorithm for Fast Synthesis of Depth-Optimal Quantum Circuits},
  author={Matthew Amy and Dmitrii L. Maslov and Michele Mosca and Martin R{\"o}tteler},
  journal={IEEE Transactions on Computer-Aided Design of Integrated Circuits and Systems},
  year={2012},
  volume={32},
  pages={818-830},
 }
@article{bib-ddmf,
  title={{DDMF}: {A}n {E}fficient {D}ecision {D}iagram {S}tructure for {D}esign {V}erification of {Q}uantum {C}ircuits {U}nder a {P}ractical {R}estriction},
  author={Yamashita, Shigeru and Minato, Shinichi and Miller, D Michael},
  journal={IEICE transactions on fundamentals of electronics, communications and computer sciences},
  volume={91},
  number={12},
  pages={3793--3802},
  year={2008},
  publisher={The Institute of Electronics, Information and Communication Engineers}
}

@article{bib-google-qu-sup,
title	= {Quantum Supremacy using a Programmable Superconducting Processor},
author	= {Frank Arute and Kunal Arya and Ryan Babbush and Dave Bacon and Joseph Bardin and Rami Barends and Rupak Biswas and Sergio Boixo and Fernando Brandao and David Buell and Brian Burkett and Yu Chen and Jimmy Chen and Ben Chiaro and Roberto Collins and William Courtney and Andrew Dunsworth and Edward Farhi and Brooks Foxen and Austin Fowler and Craig Michael Gidney and Marissa Giustina and Rob Graff and Keith Guerin and Steve Habegger and Matthew Harrigan and Michael Hartmann and Alan Ho and Markus Rudolf Hoffmann and Trent Huang and Travis Humble and Sergei Isakov and Evan Jeffrey and Zhang Jiang and Dvir Kafri and Kostyantyn Kechedzhi and Julian Kelly and Paul Klimov and Sergey Knysh and Alexander Korotkov and Fedor Kostritsa and Dave Landhuis and Mike Lindmark and Erik Lucero and Dmitry Lyakh and Salvatore Mandrà and Jarrod Ryan McClean and Matthew McEwen and Anthony Megrant and Xiao Mi and Kristel Michielsen and Masoud Mohseni and Josh Mutus and Ofer Naaman and Matthew Neeley and Charles Neill and Murphy Yuezhen Niu and Eric Ostby and Andre Petukhov and John Platt and Chris Quintana and Eleanor G. Rieffel and Pedram Roushan and Nicholas Rubin and Daniel Sank and Kevin J. Satzinger and Vadim Smelyanskiy and Kevin Jeffery Sung and Matt Trevithick and Amit Vainsencher and Benjamin Villalonga and Ted White and Z. Jamie Yao and Ping Yeh and Adam Zalcman and Hartmut Neven and John Martinis},
year	= {2019},
URL	= {https://www.nature.com/articles/s41586-019-1666-5},
journal	= {Nature},
pages	= {505–510},volume	= {574}}

@article{bib-google,
title={Quantum supremacy using a programmable superconducting processor},
author={Arute, F., Arya, K., Babbush, R. et al.},
journal={Nature},
volume={574},
pages={505–510},
year={2019},
doi={10.1038/s41586-019-1666-5}
}

@article{bib-ionq,
title={Demonstration of the trapped-ion quantum CCD computer architecture},
author={Pino, J.M., Dreiling, J.M., Figgatt, C. et al.},
journal={Nature},
volume={592},
pages={209–213},
year={2021},
doi={10.1038/s41586-021-03318-4}
}

@article{bib-transmon,
title={Towards practical quantum computers: transmon qubit with a lifetime approaching 0.5 milliseconds},
author={Wang, C., Li, X., Xu, H. et al.},
journal={npj Quantum Inf},
volume={8},
page={3},
year={2022},
doi={10.1038/s41534-021-00510-2}
}

@misc{bib-ibm-qe,
      title={Design and architecture of the IBM Quantum Engine Compiler}, 
      author={Michael B. Healy and Reza Jokar and Soolu Thomas and Vincent R. Pascuzzi and Kit Barton and Thomas A. Alexander and Roy Elkabetz and Brian C. Donovan and Hiroshi Horii and Marius Hillenbrand},
      year={2024},
      eprint={2408.06469},
      archivePrefix={arXiv},
      primaryClass={quant-ph},
      url={https://arxiv.org/abs/2408.06469}, 
}

@inproceedings{bib-li-sabre,
  title={Tackling the qubit mapping problem for {NISQ}-era quantum devices},
  author={Li, Gushu and Ding, Yufei and Xie, Yuan},
  booktitle={Proceedings of the Twenty-Fourth International Conference on Architectural Support for Programming Languages and Operating Systems},
  pages={1001--1014},
  year={2019}
}
@misc{bib-fowler-lattice-surgery,
      title={Low overhead quantum computation using lattice surgery}, 
      author={Austin G. Fowler and Craig Gidney},
      year={2019},
      eprint={1808.06709},
      archivePrefix={arXiv},
      primaryClass={quant-ph},
      url={https://arxiv.org/abs/1808.06709}, 
}

@misc{bib-gottesman-stabilizer,
      title={Stabilizer Codes and Quantum Error Correction}, 
      author={Daniel Gottesman},
      year={1997},
      eprint={quant-ph/9705052},
      archivePrefix={arXiv},
      primaryClass={quant-ph},
      url={https://arxiv.org/abs/quant-ph/9705052}, 
}

@INPROCEEDINGS{bib-shaik-scheduling,
  author={Shaik, Irfansha and van de Pol, Jaco},
  booktitle={2023 IEEE/ACM International Conference on Computer Aided Design (ICCAD)}, 
  title={Optimal Layout Synthesis for Quantum Circuits as Classical Planning}, 
  year={2023},
  volume={},
  number={},
  pages={1-9},
  keywords={Error analysis;Scalability;Qubit;Layout;Logic gates;Hardware;Planning;Layout Synthesis;Transpiling;Quantum Circuits;Classical Planning;SAT Planning;Optimal Planning},
  doi={10.1109/ICCAD57390.2023.10323924}}

@inproceedings{bib-wille-swap,
  title={Optimal {SWAP} gate insertion for {N}earest {N}eighbor quantum circuits},
  author={Wille, Robert and Lye, Aaron and Drechsler, Rolf},
  booktitle={2014 19th Asia and South Pacific Design Automation Conference (ASP-DAC)},
  pages={489--494},
  year={2014},
  organization={IEEE}
}


@article{bib-photon,
title={A versatile single-photon-based quantum computing platform},
author={Maring, N., Fyrillas, A., Pont, M. et al.},
journal={Nat. Photon.},
volume={18},
page={603–609},
year={2024},
doi={10.1038/s41566-024-01403-4}
}

@article{bib-ibm-qc,
  title = {Validating quantum computers using randomized model circuits},
  author = {Cross, Andrew W. and Bishop, Lev S. and Sheldon, Sarah and Nation, Paul D. and Gambetta, Jay M.},
  journal = {Phys. Rev. A},
  volume = {100},
  issue = {3},
  pages = {032328},
  numpages = {11},
  year = {2019},
  month = {Sep},
  publisher = {American Physical Society},
  doi = {10.1103/PhysRevA.100.032328},
  url = {https://link.aps.org/doi/10.1103/PhysRevA.100.032328}
}


@article{bib-selinger-rtof,
  title = {{E}xact {S}ynthesis of {M}ultiqubit {C}lifford+$T$ {C}ircuits},
  author = {Giles, Brett and Selinger, Peter},
  journal = {Phys. Rev. A},
  volume = {87},
  issue = {3},
  pages = {032332},
  numpages = {7},
  year = {2013},
  month = {Mar},
  publisher = {American Physical Society},
  doi = {10.1103/PhysRevA.87.032332},
  url = {https://link.aps.org/doi/10.1103/PhysRevA.87.032332}
}

@book{bib-mike-and-ike,
  author={Nielsen, Michael A and Chuang, Isaac},
  title={{Q}uantum {C}omputation},
  year=2010
}

@article{bib-barenco-elementary,
  title = {{E}lementary {G}ates for {Q}uantum {C}omputation},
  author = {Barenco, Adriano and Bennett, Charles H. and Cleve, Richard and DiVincenzo, David P. and Margolus, Norman and Shor, Peter and Sleator, Tycho and Smolin, John A. and Weinfurter, Harald},
  journal = {Phys. Rev. A},
  volume = {52},
  issue = {5},
  pages = {3457--3467},
  numpages = {0},
  year = {1995},
  month = {Nov},
  publisher = {American Physical Society},
  doi = {10.1103/PhysRevA.52.3457},
  url = {https://link.aps.org/doi/10.1103/PhysRevA.52.3457}
}

@article{bib-amy-phase-state,
  title = {{P}hase-state {D}uality in {R}eversible {C}ircuit {D}esign},
  author = {Amy, Matthew and Ross, Neil J.},
  journal = {Phys. Rev. A},
  volume = {104},
  issue = {5},
  pages = {052602},
  numpages = {13},
  year = {2021},
  month = {Nov},
  publisher = {American Physical Society},
  doi = {10.1103/PhysRevA.104.052602},
  url = {https://link.aps.org/doi/10.1103/PhysRevA.104.052602}
}

@inproceedings{bib-paler2019clifford,
  title={{C}lifford {G}ate {O}ptimisation and {T} {G}ate {S}cheduling: {U}sing {Q}ueueing {M}odels for {T}opological {A}ssemblies},
  author={Paler, Alexandru and Basmadjian, Robert},
  booktitle={2019 IEEE/ACM International Symposium on Nanoscale Architectures (NANOARCH)},
  pages={1--5},
  year={2019},
  organization={IEEE}
}

@InProceedings{bib-sousai-rtof,
author={Kuroda, Shohei and Yamashita, Shigeru},
title={{O}ptimization of {T}-Count in {Q}uantum {C}ircuits {U}sing {A}lternate {F}orms of the {R}elative {P}hase {T}offoli {G}ate},
booktitle={Reversible Computation},
year={2022},
doi={10.1007/978-3-031-09005-9_2}
}

@inproceedings{bib-dizzy-rtof,
  author={Clarino,David and Kuroda, Shohei and Yamashita, Shigeru},
  title={{O}ptimization of {T}-Count in {Q}uantum {C}ircuits {U}sing {A}lternate {F}orms of the {R}elative {P}hase {T}offoli {G}ate},
  booktitle={IEEE International Symposium on Multiple-Valued Logic},
  year={2023}
}

@inproceedings{bib-accel-lut,
  author={Clarino,David and Kuroda, Naoya and Yamashita, Shigeru},
  title={{O}ptimizing {LUT}-based {Q}uantum {C}ircuit {S}ynthesis {U}sing {R}elative {P}hase {B}oolean {O}perations},
  booktitle={ICCAD '23: Proceedings of the International Conference on Computer-Aided Design},
  year={2023}
}
